@article{Peters1964,
  title = {Gravitational Radiation and the Motion of Two Point Masses},
  author = {Peters, P. C.},
  journal = {Phys. Rev.},
  volume = {136},
  issue = {4B},
  pages = {B1224--B1232},
  numpages = {0},
  year = {1964},
  month = {Nov},
  publisher = {American Physical Society},
  doi = {10.1103/PhysRev.136.B1224},
  url = {https://link.aps.org/doi/10.1103/PhysRev.136.B1224}
}